<record><leader>00000cas a2200000 a 4500</leader><controlfield tag="001">11105936</controlfield><controlfield tag="008">840830d19061922ksuwr ne      0   a0eng d</controlfield><datafield ind1=" " ind2=" " tag="010"><subfield code="a">sn 84029413 </subfield></datafield><datafield ind1=" " ind2=" " tag="040"><subfield code="a">KSH</subfield><subfield code="b">eng</subfield><subfield code="c">KSH</subfield><subfield code="d">NPT</subfield><subfield code="d">OCL</subfield><subfield code="d">OCLCQ</subfield></datafield><datafield ind1=" " ind2=" " tag="042"><subfield code="a">msc</subfield></datafield><datafield ind1="0" ind2="0" tag="245"><subfield code="a">Enterprise push and the Enterprise journal.</subfield></datafield><datafield ind1=" " ind2=" " tag="260"><subfield code="a">Enterprise, Kan. :</subfield><subfield code="b">I.K. Fretz,</subfield><subfield code="c">1906-1922.</subfield></datafield><datafield ind1=" " ind2=" " tag="300"><subfield code="a">16 v. :</subfield><subfield code="b">ill. ;</subfield><subfield code="c">49-55 cm.</subfield></datafield><datafield ind1=" " ind2=" " tag="310"><subfield code="a">Weekly</subfield></datafield><datafield ind1="0" ind2=" " tag="362"><subfield code="a">Vol. 6, no. 13 (May 31, 1906)-v. 21, no. 52 (Mar. 2, 1922).</subfield></datafield><datafield ind1=" " ind2=" " tag="500"><subfield code="a">Publisher varies.</subfield></datafield><datafield ind1=" " ind2=" " tag="515"><subfield code="a">Continues numbering of Enterprise journal.</subfield></datafield><datafield ind1=" " ind2=" " tag="525"><subfield code="a">Has occasional supplements.</subfield></datafield><datafield ind1=" " ind2=" " tag="752"><subfield code="a">United States</subfield><subfield code="b">Kansas</subfield><subfield code="c">Dickinson</subfield><subfield code="d">Enterprise.</subfield></datafield><datafield ind1="0" ind2="4" tag="780"><subfield code="t">Enterprise push</subfield><subfield code="w">(DLC)sn 84029415</subfield></datafield><datafield ind1="0" ind2="4" tag="780"><subfield code="t">Enterprise journal</subfield><subfield code="w">(DLC)sn 84029410</subfield></datafield><datafield ind1="0" ind2="0" tag="785"><subfield code="t">Enterprise journal (Enterprise, Kan. : 1922)</subfield><subfield code="w">(DLC)sn 84029409</subfield></datafield></record>